@article{pain2008,
author = {{Elisabeth Pain}},
title  = {{Playing Well with Industry}},
journal= {{Science}},
year   = 2008,
url    = {http://sciencecareers.sciencemag.org/career_development/previous_issues/articles/2008_03_14/caredit_a0800039}
}

@inproceedings{resnik2003,
author    = {{David B. Resnik}},
title     = {{Some Recent Challenges to Openness and Freedom in Scientific Publication}},
booktitle = {{Proceedings of the Frontis workshop on Ethics for Life
                  Scientists Wageningen, The Netherlands}},
month     = {{May}},
year      = 2003
}
@misc{washburn2001,
author = {{Jennifer Washburn}},
title  = {{The Idea of the University: The Corporate University or the High Seminary of Learning?}},
note   = {A speech the author held at Clemson University},
year   = 2001,
url    = {http://www.clemson.edu/cedp/pres_coll/images/Washburn.PDF}
}

@misc{washburn2006,
author = {{Unknown Interviewer}},
title  = {{Interview with Jennifer Washburn}},
url    = {http://www.utwatch.org/archives/jwashburn_interview.html},
year   = 2006
}

@article{alger2001,
author = {{Jonathan Alger}},
title  = {{University-Industry Collaborations: Getting Your Slice of the Intellectual Property Pie}},
journal= {{Science}},
year   = 2001,
url    = {http://sciencecareers.sciencemag.org/career_magazine/previous_issues/articles/2001_11_30/noDOI.1627277897776649616}
}

@misc{curryhoward,
author = {Wikipedia Community},
title  = {{Curry-Howard Correspondence}},
url    = {http://en.wikipedia.org/wiki/Curry_Howard_isomorphism},
note   = {There are much better references for this result. However, they are quite technical, and really beyond the scope of this report.},
year   = 2010
}

@misc{sco,
author = {Wikipedia Community},
title  = {{The SCO Group}},
url    = {http://en.wikipedia.org/wiki/SCO_Group},
note   = {Contains an extensive reference section.},
year   = 2010
}

@article{jaroff1997,
author = {{Leon Jaroff, William Dowell}},
title  = {{Intellectual Chain Gang}},
journal= {{Time}},
year   = 1997,
url    = {http://www.time.com/time/magazine/article/0,9171,985892,00.html}
}
