@InProceedings{Courtney2003b,
  author    = "Antony Courtney and Henrik Nilsson and John Peterson",
  title     = {{The Yampa Arcade}},
  booktitle = "Proceedings of the 2003 {ACM SIGPLAN} {H}askell Workshop ({H}askell'03)",
  pages     = "7--18",
  year      = 2003,
  address   = "Uppsala, Sweden",
  publisher = "{ACM} Press",
  month     = aug
}

@InProceedings{Hudak2003,
  author    = "Paul Hudak and Antony Courtney and Henrik Nilsson and John Peterson",
  title     = {{Arrows, Robots, and Functional Reactive Programming}},
  booktitle = "Summer School on Advanced Functional Programming 2002, Oxford University",
  year      = 2003,
  volume    = 2638,
  series    = "Lecture Notes in Computer Science",
  pages     = "159--187",
  publisher = "Springer-Verlag"
}

@InProceedings{ElliottHudak97:Fran,
  title     = {{Functional Reactive Animation}},
  url       = {http://conal.net/papers/icfp97/},
  author    = "Conal Elliott and Paul Hudak",
  booktitle = "International Conference on Functional Programming",
  year      = 1997
}

@misc{elliott:stackoverflow,
  author    = "Conal Elliott et al",
  title     = {{What is (functional) Reactive Programming?}},
  note      = "Answers to a stackoverflow.com question.",
  url       = {http://stackoverflow.com/questions/1028250/what-is-functional-reactive-programming}
}

@misc{hudak:slides,
  note      = {Slides from Yale course CS-429: Functional Programming},
  title     = {{Yampa, Arrows, and Robots}},
  author    = {{Paul Hudak}},
  month     = {{Fall}},
  year      = 2004
}

@inproceedings{sculthorpe,
 author = {Sculthorpe, Neil and Nilsson, Henrik},
 title = {{Safe Functional Reactive Programming through Dependent Types}},
 booktitle = {ICFP '09: Proceedings of the 14th ACM SIGPLAN international conference on Functional programming},
 year = {2009},
 isbn = {978-1-60558-332-7},
 pages = {23--34},
 location = {Edinburgh, Scotland},
 doi = {http://doi.acm.org/10.1145/1596550.1596558},
 publisher = {ACM},
 address = {New York, NY, USA},
}
